<record><leader>00000cas a2200000Ma 4500</leader><controlfield tag="001">11038112</controlfield><controlfield tag="008">840809d18741877nhuwr ne      0   a0eng d</controlfield><datafield ind1=" " ind2=" " tag="010"><subfield code="a">sn 84023842 </subfield></datafield><datafield ind1=" " ind2=" " tag="040"><subfield code="a">AQM</subfield><subfield code="b">eng</subfield><subfield code="c">AQM</subfield><subfield code="d">OCLCQ</subfield></datafield><datafield ind1="0" ind2="0" tag="245"><subfield code="a">Saturday night dispatch.</subfield></datafield><datafield ind1="1" ind2="3" tag="246"><subfield code="a">Manchester dispatch</subfield></datafield><datafield ind1=" " ind2=" " tag="260"><subfield code="a">Manchester, N.H. :</subfield><subfield code="b">M.S. Hunt,</subfield><subfield code="c">1874-1877.</subfield></datafield><datafield ind1=" " ind2=" " tag="300"><subfield code="a">v.</subfield></datafield><datafield ind1=" " ind2=" " tag="310"><subfield code="a">Weekly</subfield></datafield><datafield ind1="0" ind2=" " tag="362"><subfield code="a">Vol. 1, no. 2 (Jan. 31, 1874)-v. 4, no. 44 (Nov. 17, 1877).</subfield></datafield><datafield ind1=" " ind2=" " tag="500"><subfield code="a">Editors: M.S. Hunt, 1874; M.S. Hunt &amp; H.H. Everett, 1874-1877.</subfield></datafield><datafield ind1=" " ind2=" " tag="500"><subfield code="a">Publishers: Merritt S. Hunt, 1874; M.S. Hunt &amp; James O. Adams, 1874; M.S. Hunt &amp; Henry H. Everett, 1874-1877; M.S. Hunt, Frank H. Challis, Will E. Gilmore, 1877.</subfield></datafield><datafield ind1=" " ind2="7" tag="655"><subfield code="a">Newspapers.</subfield><subfield code="2">rbgenr</subfield></datafield><datafield ind1="1" ind2=" " tag="700"><subfield code="a">Hunt, Merritt S.,</subfield><subfield code="d">b. 1842.</subfield></datafield><datafield ind1="1" ind2=" " tag="700"><subfield code="a">Everett, Henry H.</subfield></datafield><datafield ind1=" " ind2=" " tag="752"><subfield code="a">United States</subfield><subfield code="b">New Hampshire</subfield><subfield code="c">Hillsboro</subfield><subfield code="d">Manchester.</subfield></datafield><datafield ind1="1" ind2="0" tag="780"><subfield code="a">Saturday night despatch</subfield></datafield><datafield ind1="1" ind2="0" tag="785"><subfield code="a">Manchester dispatch.</subfield></datafield></record>